company,qtr_end_date,qtr_end_closing_price,Shares Outstanding,quarter,year,Net sales,Total expenses,PAT,ann_date,early_ann,company_code,stck_ann,next_day
Oil & Natural Gas Corpn. Ltd.,2007-06-29 00:00:00,150.36,2138872530,1,2007,136877,99518.4,46105.3,2007-07-25 00:00:00,1,ONGC,,
Tata Power Co. Ltd.,2007-06-29 00:00:00,64.75,197897864,1,2007,15114.8,14276.1,1902,2007-07-26 00:00:00,0,tataPower,,
G A I L (India) Ltd.,2007-06-29 00:00:00,38.56,845651600,1,2007,42456.8,36485.1,6852.2,2007-07-27 00:00:00,0,GAIL,,
Reliance Industries Ltd.,2007-06-29 00:00:00,421.07,1393508041,1,2007,295240,252130,36300,2007-07-28 00:00:00,0,Reliance,,
N T P C Ltd.,2007-06-29 00:00:00,126.96,8245464400,1,2007,84491.7,77012.5,23699.3,2007-07-30 00:00:00,0,NTPC,,
Indian Oil Corpn. Ltd.,2007-06-29 00:00:00,36.93,1192374306,1,2007,528619.6,537953.3,14684.1,2007-07-30 00:00:00,0,IOC,,
G A I L (India) Ltd.,2007-09-28 00:00:00,47.34,845651600,2,2007,45457.9,41425.9,5725.4,2007-10-17 00:00:00,1,GAIL,,
Reliance Industries Ltd.,2007-09-28 00:00:00,568.64,1393508041,2,2007,320430,292940,38370,2007-10-18 00:00:00,0,Reliance,,
N T P C Ltd.,2007-09-28 00:00:00,161.21,8245464400,2,2007,78959.2,68236.3,19254.9,2007-10-27 00:00:00,0,NTPC,,
Tata Power Co. Ltd.,2007-09-28 00:00:00,82.53,207791864,2,2007,13505.6,12335.3,2574.3,2007-10-30 00:00:00,0,tataPower,,
Indian Oil Corpn. Ltd.,2007-09-28 00:00:00,39.2,1192374306,2,2007,567094.7,552299.8,38177.5,2007-10-30 00:00:00,0,IOC,,
Oil & Natural Gas Corpn. Ltd.,2007-09-28 00:00:00,159.65,2138872530,2,2007,154825.9,116943.5,50974.8,2007-10-30 00:00:00,0,ONGC,,
Reliance Industries Ltd.,2007-12-31 00:00:00,713.47,1453648601,3,2007,345900,350050,38820,2008-01-17 00:00:00,1,Reliance,,
Oil & Natural Gas Corpn. Ltd.,2007-12-31 00:00:00,206.08,2138872530,3,2007,152205,119523.6,43665.4,2008-01-21 00:00:00,0,ONGC,,
Tata Power Co. Ltd.,2007-12-31 00:00:00,141.95,218084010,3,2007,14194,12648.7,1972.8,2008-01-29 00:00:00,0,tataPower,,
N T P C Ltd.,2007-12-31 00:00:00,208.37,8245464400,3,2007,96637.1,83209.9,17799.2,2008-01-30 00:00:00,0,NTPC,,
Power Grid Corpn. Of India Ltd.,2007-12-31 00:00:00,107.85,4208841230,3,2007,10989.4,8179.7,3842.8,2008-01-30 00:00:00,0,powerGrid,,
Indian Oil Corpn. Ltd.,2007-12-31 00:00:00,66.19,1192374306,3,2007,644378.3,618166.8,20906.9,2008-01-31 00:00:00,0,IOC,,
G A I L (India) Ltd.,2007-12-31 00:00:00,67.76,845651600,3,2007,43252.8,38071.7,6213.2,2008-01-31 00:00:00,0,GAIL,,
Reliance Industries Ltd.,2008-03-31 00:00:00,560.79,1453648601,4,2007,372860,324310,39120,2008-04-21 00:00:00,1,Reliance,,
G A I L (India) Ltd.,2008-03-31 00:00:00,53.11,845651600,4,2007,49430.7,43947,7223.8,2008-05-13 00:00:00,0,GAIL,,
Indian Oil Corpn. Ltd.,2008-03-31 00:00:00,37.13,1192374306,4,2007,720044.9,736698.2,-4142.7,2008-05-28 00:00:00,0,IOC,,
Power Grid Corpn. Of India Ltd.,2008-03-31 00:00:00,73.46,4208841230,4,2007,15591.8,13086.6,4200.7,2008-05-29 00:00:00,0,powerGrid,,
N T P C Ltd.,2008-03-31 00:00:00,164.17,8245464400,4,2007,111842.9,101480.2,13394.8,2008-05-29 00:00:00,0,NTPC,,
Tata Power Co. Ltd.,2008-03-31 00:00:00,113.09,220700162,4,2007,16344.7,16178.5,2249.9,2008-06-06 00:00:00,0,tataPower,,
Oil & Natural Gas Corpn. Ltd.,2008-03-31 00:00:00,163.56,2138872530,4,2007,156992.1,149950.1,26271,2008-06-25 00:00:00,0,ONGC,,
Reliance Industries Ltd.,2008-06-30 00:00:00,518.38,1453648601,1,2008,415790,403020,41100,2008-07-24 00:00:00,1,Reliance,,
Tata Power Co. Ltd.,2008-06-30 00:00:00,101.64,220854121,1,2008,20261.3,19227.8,1905.5,2008-07-25 00:00:00,0,tataPower,,
Oil & Natural Gas Corpn. Ltd.,2008-06-30 00:00:00,135.78,2138872530,1,2008,202268.8,145032.5,66363.3,2008-07-28 00:00:00,0,ONGC,,
G A I L (India) Ltd.,2008-06-30 00:00:00,41.62,845651600,1,2008,57382.2,49200.3,8968.7,2008-07-29 00:00:00,0,GAIL,,
N T P C Ltd.,2008-06-30 00:00:00,126.37,8245464400,1,2008,98956.9,85301.7,17265.3,2008-07-29 00:00:00,0,NTPC,,
Power Grid Corpn. Of India Ltd.,2008-06-30 00:00:00,58.31,4208841230,1,2008,13608.3,11528,3056.9,2008-07-30 00:00:00,0,powerGrid,,
Indian Oil Corpn. Ltd.,2008-06-30 00:00:00,27.69,1192374306,1,2008,885889.6,919172.8,4151.3,2008-07-30 00:00:00,0,IOC,,
G A I L (India) Ltd.,2008-09-30 00:00:00,50.98,845651600,2,2008,61726.1,54082.4,10234.5,2008-10-23 00:00:00,1,GAIL,,
Reliance Industries Ltd.,2008-09-30 00:00:00,482,1453787556,2,2008,446880,423060,41160,2008-10-23 00:00:00,0,Reliance,,
N T P C Ltd.,2008-09-30 00:00:00,143.12,8245464400,2,2008,99800.3,82957,21105.1,2008-10-24 00:00:00,0,NTPC,,
Tata Power Co. Ltd.,2008-09-30 00:00:00,87.44,221387734,2,2008,19588.8,18853.8,2619.3,2008-10-27 00:00:00,0,tataPower,,
Oil & Natural Gas Corpn. Ltd.,2008-09-30 00:00:00,172.59,2138872530,2,2008,174996.2,140371.5,48084.1,2008-10-30 00:00:00,0,ONGC,,
Power Grid Corpn. Of India Ltd.,2008-09-30 00:00:00,64.31,4208841230,2,2008,15876.9,12765.4,3964.3,2008-10-31 00:00:00,0,powerGrid,,
Indian Oil Corpn. Ltd.,2008-09-30 00:00:00,33.76,1192374306,2,2008,864663,958672.9,-70471.3,2008-10-31 00:00:00,0,IOC,,
Reliance Industries Ltd.,2008-12-31 00:00:00,304.66,1573797633,3,2008,295640,228310,34620,2009-01-22 00:00:00,1,Reliance,,
N T P C Ltd.,2008-12-31 00:00:00,150.83,8245464400,3,2008,113396.5,98774.3,22509.1,2009-01-24 00:00:00,0,NTPC,,
G A I L (India) Ltd.,2008-12-31 00:00:00,38.63,1268477400,3,2008,58160.2,57308.9,2533.6,2009-01-27 00:00:00,0,GAIL,,
Power Grid Corpn. Of India Ltd.,2008-12-31 00:00:00,62.4,4208841230,3,2008,14774.4,11959.7,3723.5,2009-01-28 00:00:00,0,powerGrid,,
Oil & Natural Gas Corpn. Ltd.,2008-12-31 00:00:00,111.28,2138872530,3,2008,126201.4,116054.3,24748.1,2009-01-28 00:00:00,0,ONGC,,
Tata Power Co. Ltd.,2008-12-31 00:00:00,72.22,221387734,3,2008,17768.7,17077.9,1150.8,2009-01-29 00:00:00,0,tataPower,,
Indian Oil Corpn. Ltd.,2008-12-31 00:00:00,35.52,1192374306,3,2008,705340.6,643297,29585.9,2009-01-30 00:00:00,0,IOC,,
Reliance Industries Ltd.,2009-03-31 00:00:00,377.21,1573798233,4,2008,260820,236460,39550,2009-04-23 00:00:00,1,Reliance,,
N T P C Ltd.,2009-03-31 00:00:00,150.17,8245464400,4,2008,121877.4,104985.5,21133.5,2009-05-22 00:00:00,0,NTPC,,
Power Grid Corpn. Of India Ltd.,2009-03-31 00:00:00,71.74,4208841230,4,2008,22498.9,17182.7,6161.4,2009-05-29 00:00:00,0,powerGrid,,
Indian Oil Corpn. Ltd.,2009-03-31 00:00:00,32.28,1192374306,4,2008,599377.3,523492.1,66229.6,2009-05-29 00:00:00,0,IOC,,
Tata Power Co. Ltd.,2009-03-31 00:00:00,73.85,221424443,4,2008,14743.5,14304.3,3546.4,2009-06-06 00:00:00,0,tataPower,,
G A I L (India) Ltd.,2009-03-31 00:00:00,45.8,1268477400,4,2008,62578.2,57385.8,6300.2,2009-06-15 00:00:00,0,GAIL,,
Oil & Natural Gas Corpn. Ltd.,2009-03-31 00:00:00,129.95,2138872530,4,2008,141334.3,137116.8,22067.6,2009-06-24 00:00:00,0,ONGC,,
Oil & Natural Gas Corpn. Ltd.,2009-06-30 00:00:00,177.85,2138872530,1,2009,151361.1,111959.8,48479.2,2009-07-23 00:00:00,1,ONGC,,
Reliance Industries Ltd.,2009-06-30 00:00:00,501.07,1573869406,1,2009,311870,313860,36660,2009-07-24 00:00:00,0,Reliance,,
G A I L (India) Ltd.,2009-06-30 00:00:00,53.99,1268477400,1,2009,60591.4,54248.4,6558.4,2009-07-25 00:00:00,0,GAIL,,
Power Grid Corpn. Of India Ltd.,2009-06-30 00:00:00,82.01,4208841230,1,2009,17142.2,12771.1,5466.1,2009-07-29 00:00:00,0,powerGrid,,
Indian Oil Corpn. Ltd.,2009-06-30 00:00:00,44.34,1213976241,1,2009,591795.9,581637.8,36828.3,2009-07-30 00:00:00,0,IOC,,
Tata Power Co. Ltd.,2009-06-30 00:00:00,110.95,222009156,1,2009,20156.2,17461.2,3770.8,2009-07-31 00:00:00,0,tataPower,,
N T P C Ltd.,2009-06-30 00:00:00,162.54,8245464400,1,2009,125301.8,105875.5,21936.2,2009-09-27 00:00:00,0,NTPC,,
N T P C Ltd.,2009-09-30 00:00:00,178.08,8245464400,2,2009,112515.1,93718.4,21519.5,2009-10-23 00:00:00,1,NTPC,,
Power Grid Corpn. Of India Ltd.,2009-09-30 00:00:00,82.46,4208841230,2,2009,17013,13424.3,4599.7,2009-10-28 00:00:00,0,powerGrid,,
G A I L (India) Ltd.,2009-09-30 00:00:00,67.28,1268477400,2,2009,62454.6,56654.5,7132.3,2009-10-28 00:00:00,0,GAIL,,
Oil & Natural Gas Corpn. Ltd.,2009-09-30 00:00:00,195.22,2138872530,2,2009,153379.3,112851.6,50896.4,2009-10-29 00:00:00,0,ONGC,,
Reliance Industries Ltd.,2009-09-30 00:00:00,545.11,1643122029,2,2009,468480,464280,38520,2009-10-29 00:00:00,0,Reliance,,
Indian Oil Corpn. Ltd.,2009-09-30 00:00:00,56.71,1213976241,2,2009,609697,659150.5,2843.6,2009-10-30 00:00:00,0,IOC,,
Tata Power Co. Ltd.,2009-09-30 00:00:00,127.33,237093221,2,2009,17210.9,16134.1,1831.9,2009-11-27 00:00:00,0,tataPower,,
G A I L (India) Ltd.,2009-12-31 00:00:00,77.46,1268477400,3,2009,62296.2,55040.6,8599.5,2010-01-18 00:00:00,1,GAIL,,
Oil & Natural Gas Corpn. Ltd.,2009-12-31 00:00:00,196.26,2138872530,3,2009,155061.4,124608.6,30535.8,2010-01-21 00:00:00,0,ONGC,,
Reliance Industries Ltd.,2009-12-31 00:00:00,539.57,3270086156,3,2009,568560,515680,40080,2010-01-22 00:00:00,0,Reliance,,
Power Grid Corpn. Of India Ltd.,2009-12-31 00:00:00,82.57,4208841230,3,2009,16906.3,12785.9,4878.4,2010-01-25 00:00:00,0,powerGrid,,
Adani Power Ltd.,2009-12-31 00:00:00,99.1,2180035200,3,2009,2335.9,1611,724.9,2010-01-27 00:00:00,0,Adani,,
Indian Oil Corpn. Ltd.,2009-12-31 00:00:00,51.05,2427952482,3,2009,704253.2,690061.6,6965.9,2010-01-29 00:00:00,0,IOC,,
N T P C Ltd.,2009-12-31 00:00:00,196.42,8245464400,3,2009,115151.4,96053.2,23649.8,2010-01-29 00:00:00,0,NTPC,,
Tata Power Co. Ltd.,2009-12-31 00:00:00,132.97,237188665,3,2009,15665.1,14637.9,1478.9,2010-02-25 00:00:00,0,tataPower,,
Reliance Industries Ltd.,2010-03-31 00:00:00,532.26,3270374360,4,2009,575700,532510,47100,2010-04-23 00:00:00,1,Reliance,,
Adani Power Ltd.,2010-03-31 00:00:00,115.95,2180035200,4,2009,2012.7,1348.9,983.1,2010-04-30 00:00:00,0,Adani,,
G A I L (India) Ltd.,2010-03-31 00:00:00,76.84,1268477400,4,2009,65690.3,58239,9108.2,2010-05-17 00:00:00,0,GAIL,,
N T P C Ltd.,2010-03-31 00:00:00,172.5,8245464400,4,2009,128051.6,111346.3,20176.5,2010-05-17 00:00:00,0,NTPC,,
Oil & Natural Gas Corpn. Ltd.,2010-03-31 00:00:00,183.08,2138872530,4,2009,160023.4,126610,37764.1,2010-05-28 00:00:00,0,ONGC,,
Indian Oil Corpn. Ltd.,2010-03-31 00:00:00,49.46,2427952482,4,2009,784935,752830.9,55567.7,2010-05-28 00:00:00,0,IOC,,
Power Grid Corpn. Of India Ltd.,2010-03-31 00:00:00,80.36,4208841230,4,2009,20213,15660.1,5465.2,2010-05-29 00:00:00,0,powerGrid,,
Tata Power Co. Ltd.,2010-03-31 00:00:00,132.46,237307236,4,2009,17950.5,16177.7,2306,2010-06-06 00:00:00,0,tataPower,,
N T P C Ltd.,2010-06-30 00:00:00,165.96,8245464400,1,2010,129669.9,116744.2,18418.9,2010-07-26 00:00:00,1,NTPC,,
Indian Oil Corpn. Ltd.,2010-06-30 00:00:00,67.1,2427952482,1,2010,719096.2,763673.5,-33883.9,2010-07-26 00:00:00,0,IOC,,
Reliance Industries Ltd.,2010-06-30 00:00:00,538.33,3270714336,1,2010,582280,557050,48510,2010-07-27 00:00:00,0,Reliance,,
Oil & Natural Gas Corpn. Ltd.,2010-06-30 00:00:00,220.07,2138872530,1,2010,138230.1,106614.1,36611.4,2010-07-29 00:00:00,0,ONGC,,
G A I L (India) Ltd.,2010-06-30 00:00:00,87.59,1268477400,1,2010,71157.5,63481.2,8868.8,2010-08-02 00:00:00,0,GAIL,,
Adani Power Ltd.,2010-06-30 00:00:00,126.4,2180035200,1,2010,3531.4,2465.2,1144.8,2010-08-04 00:00:00,0,Adani,,
Power Grid Corpn. Of India Ltd.,2010-06-30 00:00:00,77.78,4208841230,1,2010,19991.2,14477.1,7031.8,2010-08-06 00:00:00,0,powerGrid,,
Tata Power Co. Ltd.,2010-06-30 00:00:00,125.99,237307236,1,2010,18679,17264.6,2689.8,2010-08-12 00:00:00,0,tataPower,,
Power Grid Corpn. Of India Ltd.,2010-09-30 00:00:00,79.88,4208841230,2,2010,21266.3,15845.6,6514,2010-10-20 00:00:00,1,powerGrid,,
Adani Power Ltd.,2010-09-30 00:00:00,134.1,2180035200,2,2010,3951.7,3199,1258.4,2010-10-25 00:00:00,0,Adani,,
N T P C Ltd.,2010-09-30 00:00:00,180.75,8245464400,2,2010,128723.7,132680.8,21073.8,2010-10-26 00:00:00,0,NTPC,,
Oil & Natural Gas Corpn. Ltd.,2010-09-30 00:00:00,233.59,2138872530,2,2010,184302.8,143462.1,53887.7,2010-10-28 00:00:00,0,ONGC,,
Reliance Industries Ltd.,2010-09-30 00:00:00,488.53,3271772463,2,2010,574790,535620,49230,2010-10-30 00:00:00,0,Reliance,,
G A I L (India) Ltd.,2010-09-30 00:00:00,89.18,1268477400,2,2010,81282.2,74100,9235.5,2010-11-03 00:00:00,0,GAIL,,
Tata Power Co. Ltd.,2010-09-30 00:00:00,130.69,237307236,2,2010,16360.7,15778.6,2517.3,2010-11-12 00:00:00,0,tataPower,,
Indian Oil Corpn. Ltd.,2010-09-30 00:00:00,69.75,2427952482,2,2010,773481.3,753635.5,52939.5,2010-11-13 00:00:00,0,IOC,,
G A I L (India) Ltd.,2010-12-31 00:00:00,95.78,1268477400,3,2010,83836.2,75886.7,9676.3,2011-01-18 00:00:00,1,GAIL,,
Reliance Industries Ltd.,2010-12-31 00:00:00,524.14,3272607533,3,2010,597890,559710,51360,2011-01-21 00:00:00,0,Reliance,,
Oil & Natural Gas Corpn. Ltd.,2010-12-31 00:00:00,215.57,2138872530,3,2010,208041.5,144054.7,70832.3,2011-01-28 00:00:00,0,ONGC,,
N T P C Ltd.,2010-12-31 00:00:00,167.17,8245464400,3,2010,132765,117938.5,23714.8,2011-01-31 00:00:00,0,NTPC,,
Adani Power Ltd.,2010-12-31 00:00:00,130.1,2180035200,3,2010,5026,4328.8,1091.1,2011-02-08 00:00:00,0,Adani,,
Power Grid Corpn. Of India Ltd.,2010-12-31 00:00:00,73.65,4629725353,3,2010,20521.2,15540.4,5911.9,2011-02-08 00:00:00,0,powerGrid,,
Indian Oil Corpn. Ltd.,2010-12-31 00:00:00,57.17,2427952482,3,2010,808728,802405.8,16347.6,2011-02-10 00:00:00,0,IOC,,
Tata Power Co. Ltd.,2010-12-31 00:00:00,131.79,237307236,3,2010,16518.8,15840.5,1530.7,2011-02-14 00:00:00,0,tataPower,,
Coal India Ltd.,2010-12-31 00:00:00,314.5,6316364400,3,2010,1431.5,2776.9,1153.7,2011-02-14 00:00:00,0,coal,,
Reliance Industries Ltd.,2011-03-31 00:00:00,518.96,3273374008,4,2010,726740,689410,53760,2011-04-21 00:00:00,1,Reliance,,
Adani Power Ltd.,2011-03-31 00:00:00,112.8,2180035200,4,2010,8555.7,7069.5,1743.2,2011-05-09 00:00:00,0,Adani,,
N T P C Ltd.,2011-03-31 00:00:00,160.83,8245464400,4,2010,151748.9,134085.7,27818.4,2011-05-10 00:00:00,0,NTPC,,
G A I L (India) Ltd.,2011-03-31 00:00:00,87.19,1268477400,4,2010,89089.3,82017.9,7830.7,2011-05-23 00:00:00,0,GAIL,,
Coal India Ltd.,2011-03-31 00:00:00,347.1,6316364400,4,2010,1577.3,2238.4,13857.9,2011-05-27 00:00:00,0,coal,,
Power Grid Corpn. Of India Ltd.,2011-03-31 00:00:00,76.35,4629725353,4,2010,22108.3,18323.4,7511.2,2011-05-29 00:00:00,0,powerGrid,,
Oil & Natural Gas Corpn. Ltd.,2011-03-31 00:00:00,193.4,8555490120,4,2010,157428.8,138692,27908.6,2011-05-30 00:00:00,0,ONGC,,
Indian Oil Corpn. Ltd.,2011-03-31 00:00:00,55.71,2427952482,4,2010,984824.5,972818.9,39051.6,2011-05-30 00:00:00,0,IOC,,
Tata Power Co. Ltd.,2011-03-31 00:00:00,128.38,237307236,4,2010,17626.3,15925.4,2677.1,2011-06-06 00:00:00,0,tataPower,,
N T P C Ltd.,2011-06-30 00:00:00,155.71,8245464400,1,2011,147314.5,133326.5,20757.8,2011-07-25 00:00:00,1,NTPC,,
Reliance Industries Ltd.,2011-06-30 00:00:00,444.57,3273811628,1,2011,810180,755380,56610,2011-07-25 00:00:00,0,Reliance,,
G A I L (India) Ltd.,2011-06-30 00:00:00,82.73,1268477400,1,2011,88890,81564.8,9846.7,2011-07-27 00:00:00,0,GAIL,,
Oil & Natural Gas Corpn. Ltd.,2011-06-30 00:00:00,182.63,8555490120,1,2011,162893.6,131045,40949,2011-07-28 00:00:00,0,ONGC,,
Power Grid Corpn. Of India Ltd.,2011-06-30 00:00:00,81.97,4629725353,1,2011,22024.9,16404.4,7052.9,2011-08-02 00:00:00,0,powerGrid,,
Adani Power Ltd.,2011-06-30 00:00:00,110,2180035200,1,2011,8188.2,6955.2,1768.5,2011-08-04 00:00:00,0,Adani,,
Indian Oil Corpn. Ltd.,2011-06-30 00:00:00,56.28,2427952482,1,2011,922248.5,987333.9,-37187,2011-08-10 00:00:00,0,IOC,,
Tata Power Co. Ltd.,2011-06-30 00:00:00,125.8,237307236,1,2011,19212.4,18996.8,2815.6,2011-08-11 00:00:00,0,tataPower,,
Coal India Ltd.,2011-06-30 00:00:00,392.4,6316364400,1,2011,1230.7,3090.4,45415.9,2011-08-12 00:00:00,0,coal,,
Reliance Industries Ltd.,2011-09-30 00:00:00,400.34,3274402466,2,2011,785690,755750,57030,2011-10-15 00:00:00,1,Reliance,,
Power Grid Corpn. Of India Ltd.,2011-09-30 00:00:00,73.72,4629725353,2,2011,22643.5,17519.2,7087.4,2011-10-22 00:00:00,0,powerGrid,,
G A I L (India) Ltd.,2011-09-30 00:00:00,77.05,1268477400,2,2011,97264,88391.9,10944.1,2011-10-24 00:00:00,0,GAIL,,
N T P C Ltd.,2011-09-30 00:00:00,139.37,8245464400,2,2011,136352.4,139627.5,24241.2,2011-10-25 00:00:00,0,NTPC,,
Oil & Natural Gas Corpn. Ltd.,2011-09-30 00:00:00,177.13,8555490120,2,2011,226987.7,155751.9,86422.3,2011-11-04 00:00:00,0,ONGC,,
Indian Oil Corpn. Ltd.,2011-09-30 00:00:00,51.76,2427952482,2,2011,814583.8,897564.3,-74855.5,2011-11-09 00:00:00,0,IOC,,
Adani Power Ltd.,2011-09-30 00:00:00,85.6,2180035200,2,2011,10729,9472.6,1774.8,2011-11-11 00:00:00,0,Adani,,
Coal India Ltd.,2011-09-30 00:00:00,332.75,6316364400,2,2011,668.7,3080,10806.6,2011-11-14 00:00:00,0,coal,,
Tata Power Co. Ltd.,2011-09-30 00:00:00,96.21,2373072360,2,2011,19480.5,20201,3130.4,2011-11-14 00:00:00,0,tataPower,,
Reliance Industries Ltd.,2011-12-30 00:00:00,343.18,3274624498,3,2011,851350,839010,44400,2012-01-20 00:00:00,1,Reliance,,
G A I L (India) Ltd.,2011-12-30 00:00:00,72.02,1268477400,3,2011,112941.5,100299.5,10914.2,2012-01-23 00:00:00,0,GAIL,,
N T P C Ltd.,2011-12-30 00:00:00,133.83,8245464400,3,2011,156978.3,145838.3,21303.9,2012-01-27 00:00:00,0,NTPC,,
Adani Power Ltd.,2011-12-30 00:00:00,62.3,2180035200,3,2011,10601.1,14721.9,-3581.2,2012-02-06 00:00:00,0,Adani,,
Oil & Natural Gas Corpn. Ltd.,2011-12-30 00:00:00,171.3,8555490120,3,2011,182230.4,159109.5,67414.1,2012-02-09 00:00:00,0,ONGC,,
Power Grid Corpn. Of India Ltd.,2011-12-30 00:00:00,74.93,4629725353,3,2011,24666.2,17780,8092.3,2012-02-09 00:00:00,0,powerGrid,,
Tata Power Co. Ltd.,2011-12-30 00:00:00,84.2,2373072360,3,2011,22518.6,22041.8,4581.6,2012-02-11 00:00:00,0,tataPower,,
Coal India Ltd.,2011-12-30 00:00:00,300.85,6316364400,3,2011,713,3325.6,12193.3,2012-02-13 00:00:00,0,coal,,
Indian Oil Corpn. Ltd.,2011-12-30 00:00:00,42.29,2427952482,3,2011,1075122.6,1037178.1,24884.4,2012-02-13 00:00:00,0,IOC,,
Reliance Industries Ltd.,2012-03-30 00:00:00,370.6,3270520088,4,2011,851820,819140,42360,2012-05-04 00:00:00,1,Reliance,,
N T P C Ltd.,2012-03-30 00:00:00,135.58,8245464400,4,2011,161770.7,144492.7,25934.4,2012-05-11 00:00:00,0,NTPC,,
Adani Power Ltd.,2012-03-30 00:00:00,68.3,2180035200,4,2011,9994.5,15446.7,-2901.4,2012-05-14 00:00:00,0,Adani,,
Coal India Ltd.,2012-03-30 00:00:00,343.1,6316364400,4,2011,1546.2,5602.7,12235.2,2012-05-22 00:00:00,0,coal,,
Power Grid Corpn. Of India Ltd.,2012-03-30 00:00:00,80.93,4629725353,4,2011,31556.6,23770.9,10316.9,2012-05-29 00:00:00,0,powerGrid,,
Oil & Natural Gas Corpn. Ltd.,2012-03-30 00:00:00,178.2,8555490120,4,2011,193399.4,151381.1,56443.8,2012-05-30 00:00:00,0,ONGC,,
Indian Oil Corpn. Ltd.,2012-03-30 00:00:00,43.77,2427952482,4,2011,1172811.4,1083655.6,126704.3,2012-06-04 00:00:00,0,IOC,,
Tata Power Co. Ltd.,2012-03-30 00:00:00,97.32,2373072360,4,2011,23746.9,23633.3,1169.7,2012-06-06 00:00:00,0,tataPower,,
G A I L (India) Ltd.,2012-03-30 00:00:00,70.3,1268477400,4,2011,105013.3,108851,4833.4,2012-06-06 00:00:00,0,GAIL,,
Reliance Industries Ltd.,2012-06-29 00:00:00,365.25,3241574179,1,2012,918760,902640,45030,2012-07-20 00:00:00,1,Reliance,,
Power Grid Corpn. Of India Ltd.,2012-06-29 00:00:00,85.09,4629725353,1,2012,28895.8,21101.6,8701.1,2012-07-25 00:00:00,0,powerGrid,,
N T P C Ltd.,2012-06-29 00:00:00,133.12,8245464400,1,2012,160560.7,143492.7,24986.7,2012-07-27 00:00:00,0,NTPC,,
G A I L (India) Ltd.,2012-06-29 00:00:00,65.93,1268477400,1,2012,111223.5,98005.3,11337.8,2012-07-30 00:00:00,0,GAIL,,
Adani Power Ltd.,2012-06-29 00:00:00,49.95,2180035200,1,2012,14638.1,23714.3,-7929.8,2012-08-03 00:00:00,0,Adani,,
Tata Power Co. Ltd.,2012-06-29 00:00:00,101.04,2373072360,1,2012,22841,23173.9,3123,2012-08-09 00:00:00,0,tataPower,,
Indian Oil Corpn. Ltd.,2012-06-29 00:00:00,42.66,2427952482,1,2012,968606.9,1188700,-224509.5,2012-08-09 00:00:00,0,IOC,,
Oil & Natural Gas Corpn. Ltd.,2012-06-29 00:00:00,189.8,8555490120,1,2012,201777.8,150189.7,60777,2012-08-11 00:00:00,0,ONGC,,
Coal India Ltd.,2012-06-29 00:00:00,347.4,6316364400,1,2012,909.5,3313.1,45765.7,2012-08-17 00:00:00,0,coal,,
Reliance Industries Ltd.,2012-09-28 00:00:00,414.41,3235672724,2,2012,903360,888500,54090,2012-10-15 00:00:00,1,Reliance,,
Adani Power Ltd.,2012-09-28 00:00:00,52.85,2180035200,2,2012,14341.1,20862.5,-2253.9,2012-10-19 00:00:00,0,Adani,,
G A I L (India) Ltd.,2012-09-28 00:00:00,71.82,1268477400,2,2012,114081,108843.9,9853.8,2012-10-26 00:00:00,0,GAIL,,
N T P C Ltd.,2012-09-28 00:00:00,139.87,8245464400,2,2012,153276.1,140285.8,31423.5,2012-10-26 00:00:00,0,NTPC,,
Power Grid Corpn. Of India Ltd.,2012-09-28 00:00:00,90.26,4629725353,2,2012,31186.8,22356.2,11258.9,2012-11-01 00:00:00,0,powerGrid,,
Tata Power Co. Ltd.,2012-09-28 00:00:00,103.21,2373072360,2,2012,25170.8,24293.6,2959.8,2012-11-06 00:00:00,0,tataPower,,
Oil & Natural Gas Corpn. Ltd.,2012-09-28 00:00:00,186.93,8555490120,2,2012,198850.9,161238.6,58965.7,2012-11-08 00:00:00,0,ONGC,,
Indian Oil Corpn. Ltd.,2012-09-28 00:00:00,41.76,2427952482,2,2012,1060010.5,1039160.3,96113.5,2012-11-09 00:00:00,0,IOC,,
Coal India Ltd.,2012-09-28 00:00:00,359.45,6316364400,2,2012,492.4,3778.1,12002.2,2012-11-10 00:00:00,0,coal,,
Reliance Industries Ltd.,2012-12-31 00:00:00,415.6,3228496491,3,2012,938860,893540,55020,2013-01-18 00:00:00,1,Reliance,,
N T P C Ltd.,2012-12-31 00:00:00,130.37,8245464400,3,2012,157776.4,139442.8,25967.6,2013-01-21 00:00:00,0,NTPC,,
Adani Power Ltd.,2012-12-31 00:00:00,61.7,2393272110,3,2012,16881.8,23877.9,-5070.9,2013-01-28 00:00:00,0,Adani,,
Oil & Natural Gas Corpn. Ltd.,2012-12-31 00:00:00,178.23,8555490120,3,2012,210932.1,167896.3,55627.2,2013-02-11 00:00:00,0,ONGC,,
Tata Power Co. Ltd.,2012-12-31 00:00:00,106.49,2373072360,3,2012,25491.1,24066.3,2163.8,2013-02-12 00:00:00,0,tataPower,,
Power Grid Corpn. Of India Ltd.,2012-12-31 00:00:00,85.88,4629725353,3,2012,33689.3,23611.6,11290.6,2013-02-12 00:00:00,0,powerGrid,,
Coal India Ltd.,2012-12-31 00:00:00,355.05,6316364400,3,2012,901.3,4615.2,16969.2,2013-02-13 00:00:00,0,coal,,
Indian Oil Corpn. Ltd.,2012-12-31 00:00:00,44.96,2427952482,3,2012,1166997.4,1122592.1,33319.6,2013-02-14 00:00:00,0,IOC,,
G A I L (India) Ltd.,2012-12-31 00:00:00,66.77,1268477400,3,2012,125215.5,113900.7,12848.6,2013-02-14 00:00:00,0,GAIL,,
Reliance Industries Ltd.,2013-03-28 00:00:00,383.2,3228663382,4,2012,841980,821410,55890,2013-04-17 00:00:00,1,Reliance,,
N T P C Ltd.,2013-03-28 00:00:00,118.33,8245464400,4,2012,173667.6,155529.6,43816.1,2013-05-10 00:00:00,0,NTPC,,
Adani Power Ltd.,2013-03-28 00:00:00,40.65,2393272110,4,2012,17468.8,24219.5,-4265.7,2013-05-22 00:00:00,0,Adani,,
Coal India Ltd.,2013-03-28 00:00:00,309.15,6316364400,4,2012,1219.3,4860.8,23206.1,2013-05-27 00:00:00,0,coal,,
Tata Power Co. Ltd.,2013-03-28 00:00:00,93.03,2373072360,4,2012,22142.7,22385.3,2000.3,2013-06-07 00:00:00,0,tataPower,,
G A I L (India) Ltd.,2013-03-28 00:00:00,59.84,1268477400,4,2012,124707,122919.8,6181.8,2013-06-12 00:00:00,0,GAIL,,
Indian Oil Corpn. Ltd.,2013-03-28 00:00:00,46.91,2427952482,4,2012,1275347.7,1157806.6,145128.1,2013-06-13 00:00:00,0,IOC,,
Oil & Natural Gas Corpn. Ltd.,2013-03-28 00:00:00,207.7,8555490120,4,2012,218298.6,203184.9,33887.1,2013-06-14 00:00:00,0,ONGC,,
Power Grid Corpn. Of India Ltd.,2013-03-28 00:00:00,79.46,4629725353,4,2012,33806.6,25228.9,11094.4,2013-06-20 00:00:00,0,powerGrid,,
Reliance Industries Ltd.,2013-06-28 00:00:00,426.86,3229433073,1,2013,876450,855740,53520,2013-07-19 00:00:00,1,Reliance,,
G A I L (India) Ltd.,2013-06-28 00:00:00,58.69,1268477400,1,2013,128998,125272.5,8081.7,2013-07-30 00:00:00,0,GAIL,,
Adani Power Ltd.,2013-06-28 00:00:00,41.45,2871922110,1,2013,21096.8,31479.4,-9187.1,2013-08-02 00:00:00,0,Adani,,
Coal India Ltd.,2013-06-28 00:00:00,302.95,6316364400,1,2013,429.2,3462.2,35506,2013-08-05 00:00:00,0,coal,,
Power Grid Corpn. Of India Ltd.,2013-06-28 00:00:00,83.21,4629725353,1,2013,35599.6,25997.3,10403.4,2013-08-06 00:00:00,0,powerGrid,,
N T P C Ltd.,2013-06-28 00:00:00,119.75,8245464400,1,2013,154933.5,138639.8,25270.2,2013-08-08 00:00:00,0,NTPC,,
Tata Power Co. Ltd.,2013-06-28 00:00:00,83.04,2373072360,1,2013,26075.1,24961,3570,2013-08-08 00:00:00,0,tataPower,,
Oil & Natural Gas Corpn. Ltd.,2013-06-28 00:00:00,220.07,8555490120,1,2013,193089.3,165257.6,40159.8,2013-08-14 00:00:00,0,ONGC,,
Indian Oil Corpn. Ltd.,2013-06-28 00:00:00,39.09,2427952482,1,2013,1104666.1,1100973.9,-30932.3,2013-08-20 00:00:00,0,IOC,,
Reliance Industries Ltd.,2013-09-30 00:00:00,407.3,3230645601,2,2013,1037580,1005130,54900,2013-10-15 00:00:00,1,Reliance,,
Adani Power Ltd.,2013-09-30 00:00:00,32.25,2871922110,2,2013,20581.6,31202.7,-9097.5,2013-10-28 00:00:00,0,Adani,,
N T P C Ltd.,2013-09-30 00:00:00,123.5,8245464400,2,2013,162979,145665.1,24929,2013-11-05 00:00:00,0,NTPC,,
G A I L (India) Ltd.,2013-09-30 00:00:00,61.26,1268477400,2,2013,140024.5,129843.4,9156.7,2013-11-06 00:00:00,0,GAIL,,
Indian Oil Corpn. Ltd.,2013-09-30 00:00:00,34.68,2427952482,2,2013,1102041.1,1159440.2,16839.2,2013-11-14 00:00:00,0,IOC,,
Oil & Natural Gas Corpn. Ltd.,2013-09-30 00:00:00,178.53,8555490120,2,2013,224146.7,178412.4,60638.6,2013-11-19 00:00:00,0,ONGC,,
Coal India Ltd.,2013-09-30 00:00:00,295,6316364400,2,2013,258.7,3156.6,12140.3,2013-11-20 00:00:00,0,coal,,
Tata Power Co. Ltd.,2013-09-30 00:00:00,78.26,2373072360,2,2013,21995.2,20676.2,2617.7,2013-11-21 00:00:00,0,tataPower,,
Power Grid Corpn. Of India Ltd.,2013-09-30 00:00:00,73.61,4629725353,2,2013,39994.9,28652.3,12392,2013-11-21 00:00:00,0,powerGrid,,
Reliance Industries Ltd.,2013-12-31 00:00:00,443.18,3231247307,3,2013,1035210,977360,55110,2014-01-17 00:00:00,1,Reliance,,
Adani Power Ltd.,2013-12-31 00:00:00,39,2871922110,3,2013,25557.2,33291.5,-4262.6,2014-01-27 00:00:00,0,Adani,,
N T P C Ltd.,2013-12-31 00:00:00,114,8245464400,3,2013,181975.8,167277.3,28612.8,2014-01-29 00:00:00,0,NTPC,,
G A I L (India) Ltd.,2013-12-31 00:00:00,64.03,1268477400,3,2013,160385.2,151581.4,16794,2014-01-31 00:00:00,0,GAIL,,
Power Grid Corpn. Of India Ltd.,2013-12-31 00:00:00,74.7,5231589648,3,2013,36845.5,27572.7,10420.4,2014-02-06 00:00:00,0,powerGrid,,
Tata Power Co. Ltd.,2013-12-31 00:00:00,88.15,2373072360,3,2013,20079.2,18121,2511.3,2014-02-07 00:00:00,0,tataPower,,
Coal India Ltd.,2013-12-31 00:00:00,290,6316364400,3,2013,847.7,3610,95977.7,2014-02-15 00:00:00,0,coal,,
Oil & Natural Gas Corpn. Ltd.,2013-12-31 00:00:00,192.4,8555490120,3,2013,151120.4,107050.5,71259.7,2014-02-19 00:00:00,0,ONGC,,
Indian Oil Corpn. Ltd.,2013-12-31 00:00:00,35.68,2427952482,3,2013,1176719.5,1185675.6,-9614.5,2014-02-19 00:00:00,0,IOC,,
G A I L (India) Ltd.,2014-09-30 00:00:00,84.16,1268477400,2,2014,141297.2,129998.6,13029,2014-04-06 00:00:00,1,GAIL,,
Reliance Industries Ltd.,2014-03-31 00:00:00,460.37,3231901858,4,2013,951930,928340,56310,2014-04-21 00:00:00,1,Reliance,,
N T P C Ltd.,2014-03-31 00:00:00,99.96,8245464400,4,2013,210388.3,185312.4,30935.4,2014-05-16 00:00:00,0,NTPC,,
Adani Power Ltd.,2014-03-31 00:00:00,48.65,2871922110,4,2013,35948.9,32636.5,28500,2014-05-19 00:00:00,0,Adani,,
G A I L (India) Ltd.,2014-03-31 00:00:00,70.45,1268477400,4,2013,145671.6,144080.8,9720.3,2014-05-28 00:00:00,0,GAIL,,
Coal India Ltd.,2014-03-31 00:00:00,287.9,6316364400,4,2013,1624,3977.1,6461.4,2014-05-29 00:00:00,0,coal,,
Tata Power Co. Ltd.,2014-03-31 00:00:00,84.8,2704625254,4,2013,18249.2,19657.3,841.8,2014-05-30 00:00:00,0,tataPower,,
Oil & Natural Gas Corpn. Ltd.,2014-03-31 00:00:00,212.47,8555490120,4,2013,213130.9,175908.3,48890,2014-05-31 00:00:00,0,ONGC,,
Indian Oil Corpn. Ltd.,2014-03-31 00:00:00,46.5,2427952482,4,2013,1348674.2,1278991.2,93898.5,2014-06-03 00:00:00,0,IOC,,
Power Grid Corpn. Of India Ltd.,2014-03-31 00:00:00,78.79,5231589648,4,2013,39862.8,30078,11758.4,2014-06-05 00:00:00,0,powerGrid,,
Reliance Industries Ltd.,2014-06-30 00:00:00,502.57,3232715592,1,2014,963510,948680,56490,2014-07-21 00:00:00,1,Reliance,,
N T P C Ltd.,2014-06-30 00:00:00,129.92,8245464400,1,2014,181066.8,173937.4,22012,2014-08-05 00:00:00,0,NTPC,,
Power Grid Corpn. Of India Ltd.,2014-06-30 00:00:00,104.36,5231589648,1,2014,39418.5,29386,11365.1,2014-08-05 00:00:00,0,powerGrid,,
Adani Power Ltd.,2014-06-30 00:00:00,62.55,2871922110,1,2014,30015.4,32890.3,-1797.2,2014-08-07 00:00:00,0,Adani,,
Indian Oil Corpn. Ltd.,2014-06-30 00:00:00,57.53,2427952482,1,2014,1249566.9,1184191.4,25229.4,2014-08-13 00:00:00,0,IOC,,
Oil & Natural Gas Corpn. Ltd.,2014-06-30 00:00:00,282.47,8555490120,1,2014,218512.7,181677.1,47817.9,2014-08-18 00:00:00,0,ONGC,,
G A I L (India) Ltd.,2014-06-30 00:00:00,86.69,1268477400,1,2014,133722.3,135273.5,6214.4,2014-08-18 00:00:00,0,GAIL,,
Coal India Ltd.,2014-06-30 00:00:00,385.3,6316364400,1,2014,672.5,2598.1,12020.2,2014-08-18 00:00:00,0,coal,,
Tata Power Co. Ltd.,2014-06-30 00:00:00,107.75,2704625254,1,2014,22618.1,23508.7,2559.6,2014-08-20 00:00:00,0,tataPower,,
Reliance Industries Ltd.,2014-09-30 00:00:00,468.22,3234242991,2,2014,964860,934600,57420,2014-10-13 00:00:00,0,Reliance,,
Coal India Ltd.,2014-09-30 00:00:00,341.35,6316364400,2,2014,634.5,2517.8,18563.2,2014-11-10 00:00:00,0,coal,,
Power Grid Corpn. Of India Ltd.,2014-09-30 00:00:00,101.48,5231589648,2,2014,41785.4,31079.9,12012.7,2014-11-17 00:00:00,0,powerGrid,,
Adani Power Ltd.,2014-09-30 00:00:00,43.4,2871922110,2,2014,24085.3,29423.2,-4314.9,2014-11-18 00:00:00,0,Adani,,
Indian Oil Corpn. Ltd.,2014-09-30 00:00:00,60.25,2427952482,2,2014,1116638.1,1170547.9,-8984.6,2014-11-19 00:00:00,0,IOC,,
Oil & Natural Gas Corpn. Ltd.,2014-09-30 00:00:00,272.73,8555490120,2,2014,204477.5,161357.6,54448.9,2014-11-19 00:00:00,0,ONGC,,
Tata Power Co. Ltd.,2014-09-30 00:00:00,83,2704625254,2,2014,19913.7,20054.4,3063.3,2014-11-24 00:00:00,0,tataPower,,
N T P C Ltd.,2014-09-30 00:00:00,115.54,8245464400,2,2014,166465.3,159672.3,20716.3,2014-11-24 00:00:00,0,NTPC,,
Reliance Industries Ltd.,2014-12-31 00:00:00,441.37,3235069941,3,2014,801960,726060,50850,2015-01-19 00:00:00,1,Reliance,,
Adani Power Ltd.,2014-12-31 00:00:00,44.35,2871922110,3,2014,30466.2,33204.7,537.6,2015-01-29 00:00:00,0,Adani,,
N T P C Ltd.,2014-12-31 00:00:00,120.08,8245464400,3,2014,187364.9,169710.9,30740,2015-02-04 00:00:00,0,NTPC,,
Tata Power Co. Ltd.,2014-12-31 00:00:00,82.15,2704625254,3,2014,20340.9,21802.2,2346.3,2015-02-05 00:00:00,0,tataPower,,
G A I L (India) Ltd.,2014-12-31 00:00:00,83.43,1268477400,3,2014,149694.1,147299.7,6040.8,2015-02-09 00:00:00,0,GAIL,,
Power Grid Corpn. Of India Ltd.,2014-12-31 00:00:00,103.54,5231589648,3,2014,43536.2,32572,12289.1,2015-02-18 00:00:00,0,powerGrid,,
Oil & Natural Gas Corpn. Ltd.,2014-12-31 00:00:00,227.47,8555490120,3,2014,189244.5,172657.4,35712,2015-02-18 00:00:00,0,ONGC,,
Indian Oil Corpn. Ltd.,2014-12-31 00:00:00,55.27,2427952482,3,2014,1070736,1077234,-26368,2015-02-18 00:00:00,0,IOC,,
Coal India Ltd.,2014-12-31 00:00:00,383.75,6316364400,3,2014,746.1,2878.8,6958.2,2015-02-18 00:00:00,0,coal,,
Reliance Industries Ltd.,2015-03-31 00:00:00,408.46,3235688765,4,2014,560430,522010,62430,2015-04-20 00:00:00,1,Reliance,,
Adani Power Ltd.,2015-03-31 00:00:00,47.3,2871922110,4,2014,24935,24497.4,4182.1,2015-05-15 00:00:00,0,Adani,,
Tata Power Co. Ltd.,2015-03-31 00:00:00,77.1,2704626934,4,2014,19629.2,22047.9,2133.7,2015-05-20 00:00:00,0,tataPower,,
G A I L (India) Ltd.,2015-03-31 00:00:00,72.91,1268477400,4,2014,142706.2,136191,5107.5,2015-05-28 00:00:00,0,GAIL,,
Coal India Ltd.,2015-03-31 00:00:00,362.4,6316364400,4,2014,1818.1,3658.9,96292.3,2015-05-28 00:00:00,0,coal,,
Indian Oil Corpn. Ltd.,2015-03-31 00:00:00,61.38,2427952482,4,2014,938301.3,872910.3,62853.5,2015-05-29 00:00:00,0,IOC,,
Oil & Natural Gas Corpn. Ltd.,2015-03-31 00:00:00,204.53,8555490120,4,2014,216474.9,197034.5,39350.7,2015-05-29 00:00:00,0,ONGC,,
Power Grid Corpn. Of India Ltd.,2015-03-31 00:00:00,108.9,5231589648,4,2014,47032.2,35218,14124.8,2015-06-02 00:00:00,0,powerGrid,,
N T P C Ltd.,2015-03-31 00:00:00,122.79,8245464400,4,2014,193086.5,169587.5,29440.3,2015-06-04 00:00:00,0,NTPC,,
Reliance Industries Ltd.,2015-06-30 00:00:00,495.51,3236439248,1,2015,658170,630670,63690,2015-07-25 00:00:00,1,Reliance,,
G A I L (India) Ltd.,2015-06-30 00:00:00,73.51,1268477400,1,2015,125446.8,126303.9,3880.9,2015-07-27 00:00:00,0,GAIL,,
N T P C Ltd.,2015-06-30 00:00:00,114.83,8245464400,1,2015,171360,155502.2,22765,2015-07-30 00:00:00,0,NTPC,,
Coal India Ltd.,2015-06-30 00:00:00,421.05,6316364400,1,2015,377.4,2009.2,4871,2015-08-12 00:00:00,0,coal,,
Adani Power Ltd.,2015-06-30 00:00:00,29.25,2935838941,1,2015,30592.3,33107.8,986.1,2015-08-12 00:00:00,0,Adani,,
Power Grid Corpn. Of India Ltd.,2015-06-30 00:00:00,104.32,5231589648,1,2015,46898.8,34367.4,13556.4,2015-08-12 00:00:00,0,powerGrid,,
Tata Power Co. Ltd.,2015-06-30 00:00:00,74.05,2704629398,1,2015,21753.2,22185.3,3337.7,2015-08-13 00:00:00,0,tataPower,,
Oil & Natural Gas Corpn. Ltd.,2015-06-30 00:00:00,206.43,8555490120,1,2015,226281.7,182332.1,53683.6,2015-08-14 00:00:00,0,ONGC,,
Indian Oil Corpn. Ltd.,2015-06-30 00:00:00,64.1,2427952482,1,2015,1014761.1,980843.9,65908.3,2015-10-04 00:00:00,0,IOC,,
Reliance Industries Ltd.,2015-09-30 00:00:00,426.19,3238428600,2,2015,608170,540090,65340,2015-10-20 00:00:00,1,Reliance,,
Adani Power Ltd.,2015-09-30 00:00:00,24.7,2935838941,2,2015,29433.5,32668.5,-1885.1,2015-11-04 00:00:00,0,Adani,,
G A I L (India) Ltd.,2015-09-30 00:00:00,56.64,1268477400,2,2015,141195.9,134257.6,3304.2,2015-11-05 00:00:00,0,GAIL,,
N T P C Ltd.,2015-09-30 00:00:00,103.12,8245464400,2,2015,176654.9,171468.3,30392.3,2015-11-07 00:00:00,0,NTPC,,
Indian Oil Corpn. Ltd.,2015-09-30 00:00:00,67.02,2427952482,2,2015,846122.3,854508.2,-4502.4,2015-11-07 00:00:00,0,IOC,,
Oil & Natural Gas Corpn. Ltd.,2015-09-30 00:00:00,153,8555490120,2,2015,205121.4,169165.8,46813.9,2015-11-07 00:00:00,0,ONGC,,
Power Grid Corpn. Of India Ltd.,2015-09-30 00:00:00,99.11,5231589648,2,2015,48659.3,35779.9,14180.3,2015-11-11 00:00:00,0,powerGrid,,
Coal India Ltd.,2015-09-30 00:00:00,326.5,6316364400,2,2015,486.8,2208.5,12457.7,2015-11-13 00:00:00,0,coal,,
Tata Power Co. Ltd.,2015-09-30 00:00:00,65.05,2704629398,2,2015,22631,21831.5,3561.6,2015-12-05 00:00:00,0,tataPower,,
Power Grid Corpn. Of India Ltd.,2015-12-31 00:00:00,105.9,5231589648,3,2015,53694.9,38704.2,16062.5,2016-01-27 00:00:00,1,powerGrid,,
Reliance Industries Ltd.,2015-12-31 00:00:00,501.53,3239212335,3,2015,565670,500700,72960,2016-01-27 00:00:00,0,Reliance,,
N T P C Ltd.,2015-12-31 00:00:00,121.58,8245464400,3,2015,175098.3,155099.1,26687.7,2016-01-30 00:00:00,0,NTPC,,
Tata Power Co. Ltd.,2015-12-31 00:00:00,67.9,2704629398,3,2015,22419.2,20743.6,2938.1,2016-02-09 00:00:00,0,tataPower,,
Indian Oil Corpn. Ltd.,2015-12-31 00:00:00,71.44,2427952482,3,2015,826758.6,802586.6,30957.5,2016-02-13 00:00:00,0,IOC,,
G A I L (India) Ltd.,2015-12-31 00:00:00,70.39,1268477400,3,2015,134040,129694.7,6757.9,2016-02-13 00:00:00,0,GAIL,,
Oil & Natural Gas Corpn. Ltd.,2015-12-31 00:00:00,161.27,8555490120,3,2015,183642.7,179606.4,14658.8,2016-02-13 00:00:00,0,ONGC,,
Adani Power Ltd.,2015-12-31 00:00:00,32.25,2935838941,3,2015,30702.5,32254.7,-302.4,2016-02-13 00:00:00,0,Adani,,
Coal India Ltd.,2015-12-31 00:00:00,328.7,6316364400,3,2015,362,2109.8,6715.3,2016-02-13 00:00:00,0,coal,,
Adani Power Ltd.,2016-03-31 00:00:00,34.65,3333938941,4,2015,38024.4,37175.7,2166.7,2016-04-20 00:00:00,1,Adani,,
Reliance Industries Ltd.,2016-03-31 00:00:00,517.7,3240376321,4,2015,499570,422360,72270,2016-04-25 00:00:00,0,Reliance,,
Tata Power Co. Ltd.,2016-03-31 00:00:00,64.65,2704629398,4,2015,20166,18945.2,3712.5,2016-05-24 00:00:00,0,tataPower,,
G A I L (India) Ltd.,2016-03-31 00:00:00,66.82,1268477400,4,2015,117323.6,111632.7,7699.9,2016-05-26 00:00:00,0,GAIL,,
Indian Oil Corpn. Ltd.,2016-03-31 00:00:00,65.58,2427952482,4,2015,784155.1,723886.8,20058.9,2016-05-28 00:00:00,0,IOC,,
Oil & Natural Gas Corpn. Ltd.,2016-03-31 00:00:00,143.17,8555490120,4,2015,162371.7,162811.5,46243,2016-05-28 00:00:00,0,ONGC,,
Power Grid Corpn. Of India Ltd.,2016-03-31 00:00:00,104.32,5231589648,4,2015,57405.1,44159.3,15685.8,2016-05-28 00:00:00,0,powerGrid,,
Coal India Ltd.,2016-03-31 00:00:00,292,6316364400,4,2015,429.1,3811.6,141886,2016-05-29 00:00:00,0,coal,,
N T P C Ltd.,2016-03-31 00:00:00,107.33,8245464400,4,2015,183251.5,159405.6,27926.9,2016-05-30 00:00:00,0,NTPC,,
N T P C Ltd.,2016-06-30 00:00:00,130.33,8245464400,1,2016,190980.9,169206.8,23386.1,2016-08-03 00:00:00,1,NTPC,,
Coal India Ltd.,2016-06-30 00:00:00,313.15,6316364400,1,2016,231.6,1533.9,36.8,2016-09-21 00:00:00,0,coal,,
Adani Power Ltd.,2016-06-30 00:00:00,30.35,3333938941,1,2016,26713.7,30164.3,-2067,2016-09-27 00:00:00,0,Adani,,
Reliance Industries Ltd.,2016-06-30 00:00:00,480.16,3242445749,1,2016,534960,497150,75480,2016-09-29 00:00:00,0,Reliance,,
G A I L (India) Ltd.,2016-06-30 00:00:00,72.22,1268477400,1,2016,106870.3,101637.1,13351.8,2016-09-30 00:00:00,0,GAIL,,
Oil & Natural Gas Corpn. Ltd.,2016-06-30 00:00:00,144.2,8555490120,1,2016,177847.5,145089,42325.4,2016-10-01 00:00:00,0,ONGC,,
Power Grid Corpn. Of India Ltd.,2016-06-30 00:00:00,122.21,5231589648,1,2016,61198.6,44575.3,18017.7,2016-10-04 00:00:00,0,powerGrid,,
Tata Power Co. Ltd.,2016-06-30 00:00:00,73.45,2704629398,1,2016,18738.2,18344.5,1469.1,2016-10-04 00:00:00,0,tataPower,,
Indian Oil Corpn. Ltd.,2016-06-30 00:00:00,73.43,2427952482,1,2016,860771.9,835389.3,82689.8,2016-10-04 00:00:00,0,IOC,,
Coal India Ltd.,2016-09-30 00:00:00,322.55,6316364400,2,2016,812.4,2166.4,10975.7,2016-10-15 00:00:00,1,coal,,
Adani Power Ltd.,2016-09-30 00:00:00,24.95,3417454409,2,2016,26340.1,31634.5,-3351.4,2016-10-25 00:00:00,0,Adani,,
Reliance Industries Ltd.,2016-09-30 00:00:00,535.95,3243105885,2,2016,595770,544450,77040,2016-10-25 00:00:00,0,Reliance,,
N T P C Ltd.,2016-09-30 00:00:00,123.75,8245464400,2,2016,192649.7,170925.2,24969.8,2016-11-07 00:00:00,0,NTPC,,
Oil & Natural Gas Corpn. Ltd.,2016-09-30 00:00:00,171.13,8555490120,2,2016,183950.1,147137.9,49749.2,2016-11-07 00:00:00,0,ONGC,,
Indian Oil Corpn. Ltd.,2016-09-30 00:00:00,97.13,2427952482,2,2016,803566.1,803253.8,31218.9,2016-11-07 00:00:00,0,IOC,,
Power Grid Corpn. Of India Ltd.,2016-09-30 00:00:00,132.26,5231589648,2,2016,62548.8,46082,18720,2016-11-11 00:00:00,0,powerGrid,,
G A I L (India) Ltd.,2016-09-30 00:00:00,70.13,1268477400,2,2016,118776.4,114531.1,9246.5,2016-11-16 00:00:00,0,GAIL,,
Tata Power Co. Ltd.,2016-09-30 00:00:00,75.3,2704629398,2,2016,17251.2,17987.3,4963.3,2016-12-05 00:00:00,0,tataPower,,
Reliance Industries Ltd.,2016-12-30 00:00:00,534.96,3243593710,3,2016,618060,590620,80220,2017-01-17 00:00:00,1,Reliance,,
Adani Power Ltd.,2016-12-30 00:00:00,30.1,3500892183,3,2016,25117.1,35069.4,-8226.7,2017-01-25 00:00:00,0,Adani,,
Oil & Natural Gas Corpn. Ltd.,2016-12-30 00:00:00,191.45,12833235180,3,2016,200139.5,169915.8,43523.3,2017-02-02 00:00:00,0,ONGC,,
Indian Oil Corpn. Ltd.,2016-12-30 00:00:00,108.55,4855904964,3,2016,931018.5,888402.7,39949.1,2017-02-02 00:00:00,0,IOC,,
N T P C Ltd.,2016-12-30 00:00:00,137.25,8245464400,3,2016,190218.7,171822.1,24692.6,2017-02-10 00:00:00,0,NTPC,,
Coal India Ltd.,2016-12-30 00:00:00,300,6207409177,3,2016,1002.6,2535,-390.3,2017-02-12 00:00:00,0,coal,,
Power Grid Corpn. Of India Ltd.,2016-12-30 00:00:00,137.59,5231589648,3,2016,66297.6,48574.9,19300.2,2017-02-13 00:00:00,0,powerGrid,,
G A I L (India) Ltd.,2016-12-30 00:00:00,82.12,1268477400,3,2016,121324.4,113489.2,9829.2,2017-02-14 00:00:00,0,GAIL,,
Tata Power Co. Ltd.,2016-12-30 00:00:00,75.7,2704773510,3,2016,16240.9,15644.8,3054.7,2017-02-17 00:00:00,0,tataPower,,
G A I L (India) Ltd.,2017-03-31 00:00:00,94.11,1691303200,4,2016,134520,133037.5,2601.6,2017-05-27 00:00:00,1,GAIL,,
Adani Power Ltd.,2017-03-31 00:00:00,39.95,3856938941,4,2016,31247.5,80445.8,-46898.3,2017-05-29 00:00:00,0,Adani,,
Coal India Ltd.,2017-03-31 00:00:00,292.8,6207409177,4,2016,852.2,3220.4,134368.7,2017-06-06 00:00:00,0,coal,,
Indian Oil Corpn. Ltd.,2017-03-31 00:00:00,128.92,4855904964,4,2016,1003746,1075915.9,37206.2,2017-06-08 00:00:00,0,IOC,,
Oil & Natural Gas Corpn. Ltd.,2017-03-31 00:00:00,185.05,12833235180,4,2016,217140.2,221212.1,43401.8,2017-06-12 00:00:00,0,ONGC,,
Tata Power Co. Ltd.,2017-03-31 00:00:00,90.5,2704773510,4,2016,17329.2,24964.8,-5841.5,2017-06-16 00:00:00,0,tataPower,,
N T P C Ltd.,2017-03-31 00:00:00,138.29,8245464400,4,2016,200546.1,190920.7,20794,2017-06-17 00:00:00,0,NTPC,,
Reliance Industries Ltd.,2017-03-31 00:00:00,653.38,3251278100,4,2016,671460,609260,81510,2017-06-18 00:00:00,0,Reliance,,
Power Grid Corpn. Of India Ltd.,2017-03-31 00:00:00,147.9,5231589648,4,2016,67055.7,52162.4,19163.6,2017-06-19 00:00:00,0,powerGrid,,
Reliance Industries Ltd.,2017-06-30 00:00:00,683.62,3251565753,1,2017,642170,584940,81960,2017-07-26 00:00:00,1,Reliance,,
N T P C Ltd.,2017-06-30 00:00:00,132.04,8245464400,1,2017,198353.5,181033.1,26181.7,2017-08-01 00:00:00,0,NTPC,,
Oil & Natural Gas Corpn. Ltd.,2017-06-30 00:00:00,157.3,12833235180,1,2017,190735.4,160333.5,38847.3,2017-08-01 00:00:00,0,ONGC,,
Adani Power Ltd.,2017-06-30 00:00:00,29.7,3856938941,1,2017,26820.7,33300.4,-5124.1,2017-08-21 00:00:00,0,Adani,,
Power Grid Corpn. Of India Ltd.,2017-06-30 00:00:00,157.91,5231589648,1,2017,71813.5,54069.4,20524.1,2017-08-21 00:00:00,0,powerGrid,,
Indian Oil Corpn. Ltd.,2017-06-30 00:00:00,128.3,4855904964,1,2017,1054262.3,953859.3,45485.1,2017-08-31 00:00:00,0,IOC,,
Coal India Ltd.,2017-06-30 00:00:00,244.2,6207409177,1,2017,832.5,1655.5,321.8,2017-09-01 00:00:00,0,coal,,
Tata Power Co. Ltd.,2017-06-30 00:00:00,80.55,2704773510,1,2017,18471.8,18626.2,2020.5,2017-09-01 00:00:00,0,tataPower,,
G A I L (India) Ltd.,2017-06-30 00:00:00,90.25,1691303200,1,2017,114069,106910.4,10256.4,2017-09-05 00:00:00,0,GAIL,,
Reliance Industries Ltd.,2017-09-29 00:00:00,774.78,6332551296,2,2017,685320,614000,82650,2017-10-17 00:00:00,1,Reliance,,
Oil & Natural Gas Corpn. Ltd.,2017-09-29 00:00:00,170.65,12833235180,2,2017,189648.5,160064.4,51307.4,2017-10-31 00:00:00,0,ONGC,,
Indian Oil Corpn. Ltd.,2017-09-29 00:00:00,133.35,4855904964,2,2017,905826.6,878763.6,36962.9,2017-10-31 00:00:00,0,IOC,,
Tata Power Co. Ltd.,2017-09-29 00:00:00,77.75,2704773510,2,2017,18844.6,20242.3,419.8,2017-11-04 00:00:00,0,tataPower,,
Power Grid Corpn. Of India Ltd.,2017-09-29 00:00:00,157.99,5231589648,2,2017,72528.4,54325.7,21410.4,2017-11-08 00:00:00,0,powerGrid,,
Adani Power Ltd.,2017-09-29 00:00:00,29.55,3856938941,2,2017,33606.5,31557.5,2678.6,2017-11-20 00:00:00,0,Adani,,
Coal India Ltd.,2017-09-29 00:00:00,270.6,6207409177,2,2017,329.9,1757.5,1188.8,2017-11-21 00:00:00,0,coal,,
G A I L (India) Ltd.,2017-09-29 00:00:00,104.78,1691303200,2,2017,124096.5,112284.8,13096.3,2017-11-21 00:00:00,0,GAIL,,
N T P C Ltd.,2017-09-29 00:00:00,139.37,8245464400,2,2017,198424,176654,24386,2017-11-21 00:00:00,0,NTPC,,
Adani Power Ltd.,2017-12-29 00:00:00,41.65,3856938941,3,2017,21834.7,34928.1,7917.2,2018-01-18 00:00:00,1,Adani,,
Reliance Industries Ltd.,2017-12-29 00:00:00,912.37,6333503519,3,2017,732560,695880,84540,2018-01-24 00:00:00,0,Reliance,,
N T P C Ltd.,2017-12-29 00:00:00,147.67,8245464400,3,2017,207625.4,192900.6,23608.1,2018-02-01 00:00:00,0,NTPC,,
Indian Oil Corpn. Ltd.,2017-12-29 00:00:00,129.47,4855904964,3,2017,1106778,1058967.7,78832.2,2018-02-02 00:00:00,0,IOC,,
Power Grid Corpn. Of India Ltd.,2017-12-29 00:00:00,150.26,5231589648,3,2017,75069.5,57442.1,20408.3,2018-02-05 00:00:00,0,powerGrid,,
Oil & Natural Gas Corpn. Ltd.,2017-12-29 00:00:00,194.65,12833235180,3,2017,229958.8,193907.2,50146.7,2018-02-14 00:00:00,0,ONGC,,
G A I L (India) Ltd.,2017-12-29 00:00:00,124.3,1691303200,3,2017,144143.4,133749.2,12622.2,2018-02-23 00:00:00,0,GAIL,,
Tata Power Co. Ltd.,2017-12-29 00:00:00,93.85,2704773510,3,2017,19633.7,17274.7,5033.8,2018-02-26 00:00:00,0,tataPower,,
Coal India Ltd.,2017-12-29 00:00:00,263,6207409177,3,2017,802.8,2311.8,1211.4,2018-03-16 00:00:00,0,coal,,
Indian Oil Corpn. Ltd.,2018-03-28 00:00:00,117.53,9711809928,4,2017,1173520.1,1146597.7,52181,2018-05-25 00:00:00,1,IOC,,
Adani Power Ltd.,2018-03-28 00:00:00,23.75,3856938941,4,2017,588.7,6792.9,-5561.5,2018-05-26 00:00:00,0,Adani,,
Tata Power Co. Ltd.,2018-03-28 00:00:00,79.35,2704773510,4,2017,18415.9,59390,-38262,2018-05-26 00:00:00,0,tataPower,,
Reliance Industries Ltd.,2018-03-28 00:00:00,874.48,6334651022,4,2017,840370,784000,86970,2018-06-13 00:00:00,0,Reliance,,
N T P C Ltd.,2018-03-28 00:00:00,141.42,8245464400,4,2017,231002.6,212181.2,29255.9,2018-06-21 00:00:00,0,NTPC,,
Oil & Natural Gas Corpn. Ltd.,2018-03-28 00:00:00,177.8,12833235180,4,2017,239698.3,218008.5,59151.2,2018-06-22 00:00:00,0,ONGC,,
Power Grid Corpn. Of India Ltd.,2018-03-28 00:00:00,145.39,5231589648,4,2017,78143.6,60886.2,20103.1,2018-06-22 00:00:00,0,powerGrid,,
G A I L (India) Ltd.,2018-03-28 00:00:00,109.53,2255070933,4,2017,154306.9,147767.1,10209.2,2018-08-01 00:00:00,0,GAIL,,
N T P C Ltd.,2018-06-29 00:00:00,132.87,8245464400,1,2018,227891.2,212549,25881.4,2018-08-03 00:00:00,1,NTPC,,
Tata Power Co. Ltd.,2018-06-29 00:00:00,73.05,2704773510,1,2018,19581.1,22066,11674.3,2018-08-03 00:00:00,0,tataPower,,
Reliance Industries Ltd.,2018-06-29 00:00:00,963.78,6336398954,1,2018,911590,867060,88200,2018-08-07 00:00:00,0,Reliance,,
Oil & Natural Gas Corpn. Ltd.,2018-06-29 00:00:00,158.2,12833235180,1,2018,272128.3,217819.8,61438.8,2018-08-08 00:00:00,0,ONGC,,
Power Grid Corpn. Of India Ltd.,2018-06-29 00:00:00,139.99,5231589648,1,2018,81307.3,72336.5,22417,2018-08-10 00:00:00,0,powerGrid,,
Adani Power Ltd.,2018-06-29 00:00:00,16.15,3856938941,1,2018,4642.2,8732.6,-404.2,2018-08-23 00:00:00,0,Adani,,
Coal India Ltd.,2018-06-29 00:00:00,264.4,6207409177,1,2018,1981.5,1991,682.1,2018-08-24 00:00:00,0,coal,,
Indian Oil Corpn. Ltd.,2018-06-29 00:00:00,103.97,9711809928,1,2018,1294750,1260498.2,68311.3,2018-08-25 00:00:00,0,IOC,,
G A I L (India) Ltd.,2018-06-29 00:00:00,113.38,2255070933,1,2018,172985.9,166253.4,12592.5,2018-08-27 00:00:00,0,GAIL,,
Coal India Ltd.,2018-03-28 00:00:00,283.5,6207409177,4,2017,3479.4,3360.5,90212.2,2018-09-04 00:00:00,0,coal,,
Reliance Industries Ltd.,2018-09-28 00:00:00,1246.34,6338440341,2,2018,961670,950620,88590,2018-10-22 00:00:00,1,Reliance,,
Tata Power Co. Ltd.,2018-09-28 00:00:00,65.95,2704773510,2,2018,18529,20454.8,2982.9,2018-11-05 00:00:00,0,tataPower,,
Indian Oil Corpn. Ltd.,2018-09-28 00:00:00,102.13,9711809928,2,2018,1320347.5,1344141.6,32469.3,2018-11-19 00:00:00,0,IOC,,
Power Grid Corpn. Of India Ltd.,2018-09-28 00:00:00,141.34,5231589648,2,2018,82890.1,75212.4,23105.9,2018-11-19 00:00:00,0,powerGrid,,
Oil & Natural Gas Corpn. Ltd.,2018-09-28 00:00:00,177.25,12833235180,2,2018,279891.7,222772.6,82646.1,2018-11-19 00:00:00,0,ONGC,,
G A I L (India) Ltd.,2018-09-28 00:00:00,126.18,2255070933,2,2018,192753.2,178901.3,19629.6,2018-11-19 00:00:00,0,GAIL,,
Adani Power Ltd.,2018-09-28 00:00:00,23.85,3856938941,2,2018,17935.5,20451.6,-13.1,2018-11-21 00:00:00,0,Adani,,
N T P C Ltd.,2018-09-28 00:00:00,138.83,8245464400,2,2018,222610.8,200599.4,24260.2,2018-11-22 00:00:00,0,NTPC,,
Coal India Ltd.,2018-09-28 00:00:00,266.85,6207409177,2,2018,1521.9,1948.2,6115.1,2018-11-26 00:00:00,0,coal,,
Reliance Industries Ltd.,2018-12-31 00:00:00,1110.48,6338561852,3,2018,1000960,869960,89280,2019-01-17 00:00:00,1,Reliance,,
Tata Power Co. Ltd.,2018-12-31 00:00:00,76.75,2704773510,3,2018,19989,17800.5,2895.6,2019-01-29 00:00:00,0,tataPower,,
Indian Oil Corpn. Ltd.,2018-12-31 00:00:00,91.4,9711809928,3,2018,1399688.7,1347403.6,7168.2,2019-01-31 00:00:00,0,IOC,,
N T P C Ltd.,2018-12-31 00:00:00,123.87,8245464400,3,2018,241203.6,219226,23854.1,2019-02-01 00:00:00,0,NTPC,,
Power Grid Corpn. Of India Ltd.,2018-12-31 00:00:00,149.25,5231589648,3,2018,84813,72668.4,23323,2019-02-06 00:00:00,0,powerGrid,,
Adani Power Ltd.,2018-12-31 00:00:00,50.9,3856938941,3,2018,1161.5,4114.6,-1206.8,2019-02-12 00:00:00,0,Adani,,
G A I L (India) Ltd.,2018-12-31 00:00:00,120.15,2255070933,3,2018,197889.8,185076.9,16812.3,2019-02-12 00:00:00,0,GAIL,,
Coal India Ltd.,2018-12-31 00:00:00,240.75,6207409177,3,2018,2416.1,2291.6,54742.9,2019-02-20 00:00:00,0,coal,,
Oil & Natural Gas Corpn. Ltd.,2018-12-31 00:00:00,150.2,12833235180,3,2018,276940.9,216003.8,82627,2019-02-27 00:00:00,0,ONGC,,
Reliance Industries Ltd.,2019-03-29 00:00:00,1350.2,6338693823,4,2018,837650,798050,85560,2019-05-06 00:00:00,1,Reliance,,
Indian Oil Corpn. Ltd.,2019-03-29 00:00:00,108.47,9414158922,4,2018,1262226.4,1217785.8,60992.7,2019-05-20 00:00:00,0,IOC,,
N T P C Ltd.,2019-03-29 00:00:00,135.35,9894557280,4,2018,212223.9,181952.9,43503.2,2019-05-26 00:00:00,0,NTPC,,
Adani Power Ltd.,2019-03-29 00:00:00,48.2,3856938941,4,2018,302.8,3263.8,-628.2,2019-05-29 00:00:00,0,Adani,,
Power Grid Corpn. Of India Ltd.,2019-03-29 00:00:00,148.57,5231589648,4,2018,92180.8,65562.8,30539.6,2019-05-30 00:00:00,0,powerGrid,,
Oil & Natural Gas Corpn. Ltd.,2019-03-29 00:00:00,159.55,12580279206,4,2018,267584.6,248832.1,42395,2019-05-31 00:00:00,0,ONGC,,
Tata Power Co. Ltd.,2019-03-29 00:00:00,73.8,2704773510,4,2018,21694.4,21746.3,944.3,2019-06-26 00:00:00,0,tataPower,,
Coal India Ltd.,2019-03-29 00:00:00,236.8,6162728327,4,2018,3423.5,4029.1,43156.6,2019-07-01 00:00:00,0,coal,,
Reliance Industries Ltd.,2019-06-28 00:00:00,1240.2,6339038430,1,2019,887460,841170,90360,2019-07-19 00:00:00,1,Reliance,,
Indian Oil Corpn. Ltd.,2019-06-28 00:00:00,103.9,9414158922,1,2019,1315124.6,1263017.1,35961.1,2019-07-31 00:00:00,0,IOC,,
Tata Power Co. Ltd.,2019-06-28 00:00:00,69,2704773510,1,2019,20365.4,23299.8,3156.5,2019-08-01 00:00:00,0,tataPower,,
Power Grid Corpn. Of India Ltd.,2019-06-28 00:00:00,155.18,5231589648,1,2019,88041.1,68004.8,24278.9,2019-08-02 00:00:00,0,powerGrid,,
Adani Power Ltd.,2019-06-28 00:00:00,51.3,3856938941,1,2019,319,13434.3,-11177.6,2019-08-07 00:00:00,0,Adani,,
N T P C Ltd.,2019-06-28 00:00:00,141.35,9894557280,1,2019,241925.9,224266.3,26027.9,2019-08-10 00:00:00,0,NTPC,,
Coal India Ltd.,2019-06-28 00:00:00,253.75,6162728327,1,2019,1945.7,1848,832.3,2019-08-13 00:00:00,0,coal,,
G A I L (India) Ltd.,2019-06-28 00:00:00,103.97,2255070933,1,2019,183106,168886.7,12875.3,2019-08-13 00:00:00,0,GAIL,,
Oil & Natural Gas Corpn. Ltd.,2019-06-28 00:00:00,167.75,12580279206,1,2019,265547.4,213181.9,59801.5,2019-08-14 00:00:00,0,ONGC,,
G A I L (India) Ltd.,2019-03-29 00:00:00,115.77,2255070933,4,2018,187634.1,181592.3,11222.3,2019-09-04 00:00:00,0,GAIL,,
Reliance Industries Ltd.,2019-09-30 00:00:00,1320.04,6339123229,2,2019,874940,782860,97020,2019-10-18 00:00:00,1,Reliance,,
Indian Oil Corpn. Ltd.,2019-09-30 00:00:00,98.27,9414158922,2,2019,1116908.5,1179574.4,5634.2,2019-11-01 00:00:00,0,IOC,,
Tata Power Co. Ltd.,2019-09-30 00:00:00,62.5,2704773510,2,2019,19932.1,19541.6,1601.2,2019-11-08 00:00:00,0,tataPower,,
G A I L (India) Ltd.,2019-09-30 00:00:00,89.67,4510141866,2,2019,180399.2,174741.1,10642.5,2019-11-08 00:00:00,0,GAIL,,
N T P C Ltd.,2019-09-30 00:00:00,117.65,9894557280,2,2019,227645.7,203957.9,32624.4,2019-11-09 00:00:00,0,NTPC,,
Coal India Ltd.,2019-09-30 00:00:00,199.9,6162728327,2,2019,1326.3,2384.7,1073.1,2019-11-11 00:00:00,0,coal,,
Adani Power Ltd.,2019-09-30 00:00:00,64.3,3856938941,2,2019,165.9,3402.9,-771.2,2019-11-13 00:00:00,0,Adani,,
Oil & Natural Gas Corpn. Ltd.,2019-09-30 00:00:00,131.9,12580279206,2,2019,244926.2,208932.3,62631.3,2019-11-15 00:00:00,0,ONGC,,
Power Grid Corpn. Of India Ltd.,2019-09-30 00:00:00,149.21,5231589648,2,2019,86849.8,70079.1,25271.4,2019-11-20 00:00:00,0,powerGrid,,
G A I L (India) Ltd.,2019-12-31 00:00:00,80.7,4510141866,3,2019,177673.2,172414.4,12506.5,2019-12-04 00:00:00,1,GAIL,,
Reliance Industries Ltd.,2019-12-31 00:00:00,1499.83,6339203530,3,2019,865290,805670,95850,2020-01-17 00:00:00,0,Reliance,,
Tata Power Co. Ltd.,2019-12-31 00:00:00,56.5,2704773510,3,2019,19322.2,19407.4,207.4,2020-01-29 00:00:00,0,tataPower,,
Indian Oil Corpn. Ltd.,2019-12-31 00:00:00,83.77,9414158922,3,2019,1239884,1197691.6,23390.2,2020-01-30 00:00:00,0,IOC,,
Power Grid Corpn. Of India Ltd.,2019-12-31 00:00:00,142.65,5231589648,3,2019,89919.8,71855,26734.9,2020-01-31 00:00:00,0,powerGrid,,
Adani Power Ltd.,2019-12-31 00:00:00,61.8,3856938941,3,2019,4255.2,7473.9,-666.6,2020-02-06 00:00:00,0,Adani,,
N T P C Ltd.,2019-12-31 00:00:00,119.05,9894557280,3,2019,234963.5,210274.8,29951.4,2020-02-07 00:00:00,0,NTPC,,
G A I L (India) Ltd.,2020-03-31 00:00:00,50.97,4510141866,4,2019,177531.2,173336.3,30182,2020-02-11 00:00:00,1,GAIL,,
Coal India Ltd.,2019-12-31 00:00:00,211.4,6162728327,3,2019,1889.6,1995.8,4586.9,2020-02-11 00:00:00,0,coal,,
Oil & Natural Gas Corpn. Ltd.,2019-12-31 00:00:00,128.75,12580279206,3,2019,237100.5,215487.6,42264.5,2020-02-14 00:00:00,0,ONGC,,
Adani Power Ltd.,2020-03-31 00:00:00,27.75,3856938941,4,2019,5313.1,8268.1,-790.2,2020-04-27 00:00:00,0,Adani,,
Reliance Industries Ltd.,2020-03-31 00:00:00,1101.96,6339267510,4,2019,741840,765690,25800,2020-04-30 00:00:00,0,Reliance,,
Reliance Industries Ltd.,2020-06-30 00:00:00,1703.35,6761844754,1,2020,474610,466330,92940,2020-06-03 00:00:00,1,Reliance,,
Tata Power Co. Ltd.,2020-03-31 00:00:00,32.85,2704773510,4,2019,17644.2,21358.8,618.4,2020-06-09 00:00:00,0,tataPower,,
Power Grid Corpn. Of India Ltd.,2020-03-31 00:00:00,119.25,5231589648,4,2019,97044.7,82026,31826.6,2020-06-20 00:00:00,0,powerGrid,,
Indian Oil Corpn. Ltd.,2020-03-31 00:00:00,54.43,9414158922,4,2019,1178257,1363985.6,-51853.2,2020-06-25 00:00:00,0,IOC,,
Coal India Ltd.,2020-03-31 00:00:00,140,6162728327,4,2019,3290,6030.3,106316.5,2020-06-26 00:00:00,0,coal,,
N T P C Ltd.,2020-03-31 00:00:00,84.2,9894557280,4,2019,272468.8,288786.3,12524.4,2020-06-27 00:00:00,0,NTPC,,
Oil & Natural Gas Corpn. Ltd.,2020-03-31 00:00:00,68.3,12580279206,4,2019,214562,255287.8,-32144.1,2020-07-01 00:00:00,0,ONGC,,
G A I L (India) Ltd.,2020-06-30 00:00:00,68.1,4510141866,1,2020,120895.1,116719.8,2555.1,2020-07-31 00:00:00,0,GAIL,,
Indian Oil Corpn. Ltd.,2020-06-30 00:00:00,56.9,9414158922,1,2020,623990.3,604337.8,19108.4,2020-07-31 00:00:00,0,IOC,,
Adani Power Ltd.,2020-06-30 00:00:00,36,3856938941,1,2020,274.2,1825.1,-492.1,2020-08-06 00:00:00,0,Adani,,
Power Grid Corpn. Of India Ltd.,2020-06-30 00:00:00,131.18,5231589648,1,2020,89887.2,80352.8,19789.1,2020-08-11 00:00:00,0,powerGrid,,
Tata Power Co. Ltd.,2020-06-30 00:00:00,44.9,2704773510,1,2020,14124.2,14798,677.1,2020-08-12 00:00:00,0,tataPower,,
N T P C Ltd.,2020-06-30 00:00:00,95.85,9894557280,1,2020,234534.6,223533.8,24701.6,2020-08-14 00:00:00,0,NTPC,,
Oil & Natural Gas Corpn. Ltd.,2020-06-30 00:00:00,81.4,12580279206,1,2020,130112.9,131817.5,4965.8,2020-09-02 00:00:00,0,ONGC,,
Coal India Ltd.,2020-06-30 00:00:00,132.5,6162728327,1,2020,1608.4,1874.5,118.9,2020-09-02 00:00:00,0,coal,,
Indian Oil Corpn. Ltd.,2020-09-30 00:00:00,49.3,9414158922,2,2020,856149.6,792833.1,62273.1,2020-10-30 00:00:00,1,IOC,,
Reliance Industries Ltd.,2020-09-30 00:00:00,2233.75,6762037614,2,2020,562870,544240,64050,2020-10-30 00:00:00,0,Reliance,,
N T P C Ltd.,2020-09-30 00:00:00,85.2,9894557280,2,2020,246771.4,228654.1,35048,2020-11-03 00:00:00,0,NTPC,,
Adani Power Ltd.,2020-09-30 00:00:00,36.85,3856938941,2,2020,189.1,1776.1,-398.3,2020-11-05 00:00:00,0,Adani,,
Tata Power Co. Ltd.,2020-09-30 00:00:00,53.15,3195339547,2,2020,15502.8,17114.3,1642.3,2020-11-10 00:00:00,0,tataPower,,
G A I L (India) Ltd.,2020-09-30 00:00:00,57.87,4510141866,2,2020,136453.4,128183.5,12396.7,2020-11-11 00:00:00,0,GAIL,,
Coal India Ltd.,2020-09-30 00:00:00,116,6162728327,2,2020,1216.9,1984.9,202.3,2020-11-11 00:00:00,0,coal,,
Power Grid Corpn. Of India Ltd.,2020-09-30 00:00:00,121.95,5231589648,2,2020,90578.9,67727.3,31174.1,2020-11-12 00:00:00,0,powerGrid,,
Oil & Natural Gas Corpn. Ltd.,2020-09-30 00:00:00,69.3,12580279206,2,2020,169170.9,164067.8,28778.4,2020-11-14 00:00:00,0,ONGC,,
Reliance Industries Ltd.,2020-12-31 00:00:00,1984.65,6762067614,3,2020,612630,569740,86280,2021-01-22 00:00:00,1,Reliance,,
Indian Oil Corpn. Ltd.,2020-12-31 00:00:00,60.63,9414158922,3,2020,1062022.7,1020534.9,49165.9,2021-01-29 00:00:00,0,IOC,,
N T P C Ltd.,2020-12-31 00:00:00,99.3,9696666134,3,2020,245092.6,228756.1,33153.4,2021-02-04 00:00:00,0,NTPC,,
Tata Power Co. Ltd.,2020-12-31 00:00:00,75.65,3195339547,3,2020,16575.9,18679.9,4894.7,2021-02-04 00:00:00,0,tataPower,,
Adani Power Ltd.,2020-12-31 00:00:00,49.7,3856938941,3,2020,545.1,2218.1,-586.7,2021-02-04 00:00:00,0,Adani,,
G A I L (India) Ltd.,2020-12-31 00:00:00,82.23,4510141866,3,2020,154542.9,143907.4,14873.3,2021-02-11 00:00:00,0,GAIL,,
Coal India Ltd.,2020-12-31 00:00:00,135.5,6162728327,3,2020,1591.7,2964.3,50208.4,2021-02-11 00:00:00,0,coal,,
Power Grid Corpn. Of India Ltd.,2020-12-31 00:00:00,142.35,5231589648,3,2020,96765.5,73670.1,33238.5,2021-02-12 00:00:00,0,powerGrid,,
Oil & Natural Gas Corpn. Ltd.,2020-12-31 00:00:00,93.2,12580279206,3,2020,170238,170308.2,12581.2,2021-02-13 00:00:00,0,ONGC,,
Reliance Industries Ltd.,2021-03-31 00:00:00,2003.2,6762068814,4,2020,806560,749490,76170,2021-04-30 00:00:00,1,Reliance,,
Adani Power Ltd.,2021-03-31 00:00:00,85.05,3856938941,4,2020,3463.3,6873,-3510.3,2021-05-06 00:00:00,0,Adani,,
Tata Power Co. Ltd.,2021-03-31 00:00:00,103.2,3195339547,4,2020,32129.5,36100.3,-281.3,2021-05-12 00:00:00,0,tataPower,,
Indian Oil Corpn. Ltd.,2021-03-31 00:00:00,61.2,9414158922,4,2020,1238413.5,1247839.7,87813,2021-05-19 00:00:00,0,IOC,,
G A I L (India) Ltd.,2021-03-31 00:00:00,90.37,4440385225,4,2020,155462.2,144601.4,19076.7,2021-06-10 00:00:00,0,GAIL,,
Coal India Ltd.,2021-03-31 00:00:00,130.4,6162728327,4,2020,2044.6,1676.7,25871.4,2021-06-14 00:00:00,0,coal,,
Power Grid Corpn. Of India Ltd.,2021-03-31 00:00:00,161.74,5231589648,4,2020,99424.9,71898.8,35156.1,2021-06-18 00:00:00,0,powerGrid,,
N T P C Ltd.,2021-03-31 00:00:00,106.45,9696666134,4,2020,265668.6,256496.5,44792.2,2021-06-19 00:00:00,0,NTPC,,
Oil & Natural Gas Corpn. Ltd.,2021-03-31 00:00:00,102.15,12580279206,4,2020,211889.1,203369.5,67339.7,2021-06-25 00:00:00,0,ONGC,,
Reliance Industries Ltd.,2021-06-30 00:00:00,2110.9,6762070014,1,2021,861470,880260,85950,2021-07-23 00:00:00,1,Reliance,,
Indian Oil Corpn. Ltd.,2021-06-30 00:00:00,71.97,9414158922,1,2021,1186705.2,1185555.5,59413.7,2021-07-30 00:00:00,0,IOC,,
N T P C Ltd.,2021-06-30 00:00:00,116.4,9696666134,1,2021,260385.1,244440,31456.3,2021-07-31 00:00:00,0,NTPC,,
Adani Power Ltd.,2021-06-30 00:00:00,113.4,3856938941,1,2021,257.4,1804.8,-461.3,2021-08-06 00:00:00,0,Adani,,
G A I L (India) Ltd.,2021-06-30 00:00:00,99.73,4440385225,1,2021,173839,161531.3,15299.2,2021-08-06 00:00:00,0,GAIL,,
Tata Power Co. Ltd.,2021-06-30 00:00:00,122.1,3195339547,1,2021,27913.7,29481.1,3541.6,2021-08-09 00:00:00,0,tataPower,,
Coal India Ltd.,2021-06-30 00:00:00,146.6,6162728327,1,2021,1252.9,2217.8,-498.2,2021-08-10 00:00:00,0,coal,,
Power Grid Corpn. Of India Ltd.,2021-06-30 00:00:00,174.23,5231589648,1,2021,97787.2,78875.5,60854.1,2021-08-11 00:00:00,0,powerGrid,,
Oil & Natural Gas Corpn. Ltd.,2021-06-30 00:00:00,117.7,12580279206,1,2021,230216.4,192500,43347.5,2021-08-14 00:00:00,0,ONGC,,
Reliance Industries Ltd.,2021-09-30 00:00:00,2517,6762070014,2,2021,969250,928330,92280,2021-10-22 00:00:00,1,Reliance,,
N T P C Ltd.,2021-09-30 00:00:00,141.85,9696666134,2,2021,294711.6,276087.4,31567.4,2021-10-28 00:00:00,0,NTPC,,
Tata Power Co. Ltd.,2021-09-30 00:00:00,158.7,3195339547,2,2021,20575,31271.8,10153.7,2021-10-28 00:00:00,0,tataPower,,
G A I L (India) Ltd.,2021-09-30 00:00:00,105.97,4440385225,2,2021,215109.8,202893.1,28629.5,2021-10-29 00:00:00,0,GAIL,,
Adani Power Ltd.,2021-09-30 00:00:00,97.15,3856938941,2,2021,175.9,1886.6,-569.9,2021-10-30 00:00:00,0,Adani,,
Indian Oil Corpn. Ltd.,2021-09-30 00:00:00,83.6,9414158922,2,2021,1354177.6,1321317,63600.5,2021-10-31 00:00:00,0,IOC,,
Power Grid Corpn. Of India Ltd.,2021-09-30 00:00:00,189.9,6975452864,2,2021,99292.4,71337.3,33382.7,2021-11-10 00:00:00,0,powerGrid,,
Coal India Ltd.,2021-09-30 00:00:00,185.2,6162728327,2,2021,3327,2098.6,18131.3,2021-11-12 00:00:00,0,coal,,
Oil & Natural Gas Corpn. Ltd.,2021-09-30 00:00:00,144.5,12580279206,2,2021,243536.1,96696,183477.3,2021-12-10 00:00:00,0,ONGC,,
Reliance Industries Ltd.,2021-12-31 00:00:00,2368.15,6765994014,3,2021,1111520,1052160,101670,2022-01-21 00:00:00,1,Reliance,,
N T P C Ltd.,2021-12-31 00:00:00,124.4,9696666134,3,2021,302655.5,269153.8,42460.3,2022-01-29 00:00:00,0,NTPC,,
Indian Oil Corpn. Ltd.,2021-12-31 00:00:00,74.37,9414158922,3,2021,1667881.6,1620531.7,58608,2022-02-01 00:00:00,0,IOC,,
Adani Power Ltd.,2021-12-31 00:00:00,99.75,3856938941,3,2021,939.5,2856,-473.7,2022-02-04 00:00:00,0,Adani,,
G A I L (India) Ltd.,2021-12-31 00:00:00,86.13,4440385225,3,2021,257697.5,226812.4,32879.9,2022-02-04 00:00:00,0,GAIL,,
Tata Power Co. Ltd.,2021-12-31 00:00:00,220.9,3195339547,3,2021,31391.1,36247.9,-4070.7,2022-02-09 00:00:00,0,tataPower,,
Power Grid Corpn. Of India Ltd.,2021-12-31 00:00:00,204.35,6975452864,3,2021,100019.3,72871.2,33494.4,2022-02-10 00:00:00,0,powerGrid,,
Oil & Natural Gas Corpn. Ltd.,2021-12-31 00:00:00,142.35,12580279206,3,2021,284729.1,212770.8,87637.2,2022-02-12 00:00:00,0,ONGC,,
Oil & Natural Gas Corpn. Ltd.,2022-03-31 00:00:00,163.9,12580279206,4,2021,344972.4,269820.3,88595.4,2022-02-13 00:00:00,1,ONGC,,
Coal India Ltd.,2021-12-31 00:00:00,146.05,6162728327,3,2021,2986.9,2433.7,56448.3,2022-02-14 00:00:00,0,coal,,
Adani Power Ltd.,2022-03-31 00:00:00,185.05,3856938941,4,2021,105977.8,85814.7,47482.9,2022-05-05 00:00:00,0,Adani,,
Reliance Industries Ltd.,2022-03-31 00:00:00,2633.95,6765994014,4,2021,1294790,1254920,110940,2022-05-06 00:00:00,0,Reliance,,
Tata Power Co. Ltd.,2022-03-31 00:00:00,238.85,3195339547,4,2021,31199.5,37694.7,22883,2022-05-06 00:00:00,0,tataPower,,
Indian Oil Corpn. Ltd.,2022-03-31 00:00:00,79.3,9414158922,4,2021,1772873.1,1783715.1,60218.8,2022-05-18 00:00:00,0,IOC,,
N T P C Ltd.,2022-03-31 00:00:00,134.95,9696666134,4,2021,329050.2,286479.6,56218.9,2022-05-20 00:00:00,0,NTPC,,
Power Grid Corpn. Of India Ltd.,2022-03-31 00:00:00,216.85,6975452864,4,2021,102212.3,72496.8,43206.4,2022-05-21 00:00:00,0,powerGrid,,
Coal India Ltd.,2022-03-31 00:00:00,183,6162728327,4,2021,3752.4,2097.7,37934.3,2022-05-25 00:00:00,0,coal,,
G A I L (India) Ltd.,2022-03-31 00:00:00,103.8,4440385225,4,2021,269618.5,245900.3,26831.1,2022-05-28 00:00:00,0,GAIL,,
